%Exemplo books
@book{atalho,
  author    = {Autor}, 
  title     = {Nome do livro},
  publisher = {Editora},
  year      = {ano},
  volume    = {volume},
  series    = {serie},
  address   = {Endereço},
  edition   = {edição},
  month     = {mês},
  note      = {Anotação},
  isbn      = {ISBN}
}

%Exemplo artigo ou Doc Online
@article{wessberg2000real,
  title		= {Software para análise e compreensão do exame de baropodometria},
  author	= {Wessberg, Johan and Stambaugh, Christopher R},
  journal	= {Nature},
  volume	= {408},
  number	= {6810},
  pages		= {361--365},
  year		= {2000},
  publisher	= {Nature Publishing Group}
}

%%%%%%%%%%%%%%%%%%%%%%%%%%%%%%%%%%%%%%%%%%%%%%%%%%%%%%%%%%%%%%%%%%%%%%%%%%%%%
%%																			%
%%						%Referencias utilizadas		\/						%
%%																			%	
%%%%%%%%%%%%%%%%%%%%%%%%%%%%%%%%%%%%%%%%%%%%%%%%%%%%%%%%%%%%%%%%%%%%%%%%%%%%%

@ARTICLE{ravinair,
    author  = {R. {Nair}},
    journal = {Proceedings of the IEEE},
    title   = {Evolution of Memory Architecture},
    year    = {2015},
    volume  = {103},
    number  = {8},
    pages   = {1331-1345},
    keywords={cache storage;memory architecture;computer memory architecture;electronic discrete variable         automatic computer machine;EDVAC machine;multiple processors;relative distance;processor cycles;microarchitectural techniques;deep-cache hierarchies;scale-out systems;in-memory databases;data location;data movement;Random access memory;Computer architecture;Memory management;Registers;Flash memories;Information processing;Approximate memories;disk;dynamic random access memory (DRAM);flash memory;main memory;memory hierarchy;near-data processing;non-von Neumann architectures;processing-in-memory;storage-class memory;von Neumann architecture;Approximate memories;disk;dynamic random access memory (DRAM);flash memory;main memory;memory hierarchy;near-data processing;non-von Neumann architectures;processing-in-memory;storage-class memory;von Neumann architecture},
    doi     = {10.1109/JPROC.2015.2435018},
    ISSN    = {0018-9219},
    month   = {Aug},
}

@inproceedings{Abadi,
  author    = {Abadi, Daniel J. and Madden, Samuel R. and Hachem, Nabil},
  title     = {Column-stores vs. Row-stores: How Different Are They Really?},
  booktitle = {Proceedings of the 2008 ACM SIGMOD International Conference on Management of Data},
  series    = {SIGMOD '08},
  year      = {2008},
  isbn      = {978-1-60558-102-6},
  location  = {Vancouver, Canada},
  pages     = {967--980},
  numpages  = {14},
  url       = {http://doi.acm.org/10.1145/1376616.1376712},
  doi       = {10.1145/1376616.1376712},
  acmid     = {1376712},
  publisher = {ACM},
  address   = {New York, NY, USA},
  keywords  = {c-store, column-oriented dbms, column-store, compression, invisible join, tuple materialization, tuple reconstruction},
}

@article{Bernstein,
  author    = {Bernstein, Philip A. and Bernstein, Philip A. and Goodman, Nathan},
  title     = {Concurrency Control in Distributed Database Systems},
  journal   = {ACM Comput. Surv.},
  issue_date= {June 1981},
  volume    = {13},
  number    = {2},
  month     = jun,
  year      = {1981},
  issn      = {0360-0300},
  pages     = {185--221},
  numpages  = {37},
  url       = {http://doi.acm.org/10.1145/356842.356846},
  doi       = {10.1145/356842.356846},
  acmid     = {356846},
  publisher = {ACM},
  address   = {New York, NY, USA},
} 

@article{Navathe,
  author    = {Navathe, Shamkant and Ceri, Stefano and Wiederhold, Gio and Dou, Jinglie},
  year      = {1984},
  month     = {12},
  pages     = {680-710},
  title     = {Vertical Partitioning Algorithms for Database Design},
  volume    = {9},
  journal   = {ACM Trans. Database Syst.},
  doi       = {10.1145/1994.2209}
}

@book{tanenbaum,
  title     = {Sistemas operacionais modernos},
  author    = {Tanenbaum, A.S.},
  isbn      = {9788587918574},
  url       = {https://books.google.com.br/books?id=meCAGQAACAAJ},
  year      = {2003},
  publisher = {Prentice-Hall do Brasil}
}

@book{ramakrishnan2008sistemas,
  title     = {Sistemas de gerenciamento de banco de dados - 3.ed.},
  author    = {Ramakrishnan, R. and Gehrke, J.},
  isbn      = {9788563308771},
  url       = {https://books.google.com.br/books?id=COUJpkH5v38C},
  year      = {2008},
  publisher = {McGraw Hill Brasil}
}

@book{nosqlpramod,
  title     = {NoSQL Essencial - Um Guia Conciso para o Mundo Emergente da Persistência Poliglota },
  author    = {Pramod J. Sadalage and Martin Fowler},
  isbn      = {9788575223383},
  year      = {2013},
  url       = {https://novatec.com.br/livros/nosql-essencial},
  publisher = {Novatec}
}


@book{navathesistemas,
  title		= {Sistemas De Banco De Dados},
  author	= {Navathe, S.B. and Elmasri, R.},
  isbn		= {9788576390855},
  year 		= {2004},
  url		= {https://books.google.com.br/books?id=yeThlgEACAAJ},
  publisher	= {PEARSON BRASIL}
}

@book{weill,
  title		= {\textbf{Governan{\c{c}}a de TI, tecnologia da informa{\c{c}}{\~a}o}},
  author	= {Weill, P. and ROSS, J.},
  isbn		= {9788589384780},
  url		= {https://books.google.com.br/books?id=KuoDGQAACAAJ},
  year		= {2006},
  publisher	= {M. Books}
}

@book{datebd,
  title={Introdu{\c{c}}{\~a}o a sistemas de bancos de dados},
  author={Date, C.J.},
  isbn={9788535284454},
  url={https://books.google.com.br/books?id=2IRjDwAAQBAJ},
  year={2016},
  publisher={Elsevier Editora Ltda.}
}

@book{carlos,
  title     = {Projeto de banco de dados},
  author    = {Heuser, C.A.},
  isbn      = {9788524105906},
  series    = {S{\'e}rie Livros Did{\'a}ticos},
  url       = {https://books.google.com.br/books?id=u8NWSgAACAAJ},
  year      = {1998},
  publisher = {Sagra Luzzatto}
}

@article{codd,
 author     = {Codd, E. F.},
 title      = {A Relational Model of Data for Large Shared Data Banks},
 journal    = {Commun. ACM},
 issue_date = {June 1970},
 volume     = {13},
 number     = {6},
 month      = jun,
 year       = {1970},
 issn       = {0001-0782},
 pages      = {377--387},
 numpages   = {11},
 url        = {http://doi.acm.org/10.1145/362384.362685},
 doi        = {10.1145/362384.362685},
 acmid      = {362685},
 publisher  = {ACM},
 address    = {New York, NY, USA},
 keywords   = {composition, consistency, data bank, data base, data integrity, data organization, data structure, derivability, hierarchies of data, join, networks of data, predicate calculus, redundancy, relations, retrieval language, security},
} 


@article{Faerber,
 author     = {Franz Faerber and Alfons Kemper and Per-Åke Larson and Justin Levandoski and Thomas Neumann and Andrew Pavlo},
 year       = {2017},
 volume     = {8},
 journal    = {Foundations and Trends® in Databases},
 title      = {Main Memory Database Systems},
 doi        = {10.1561/1900000058},
 issn       = {1931-7883},
 number     = {1-2},
 pages      = {1-130},
 url        = {http://dx.doi.org/10.1561/1900000058},
 }



@article{impacta,
  title		= {Conheça alguns diferentes tipos de bancos de dados},
  author	= {Impacta},
  journal	= {},
  volume	= {},
  number	= {},
  pages		= {},
  note		= {Disponível em: \url{https://www.impacta.com.br/blog/2017/08/07/conheca-alguns-diferentes-tipos-de-bancos-de-dados/} Acesso em : 16 Set de 2018},
  year		= {2018},
  publisher	= {}
}

@article{microsoft,
  title		= {Dados não relacionais e NoSQL},
  author	= {Microsoft},
  journal	= {},
  volume	= {},
  number	= {},
  pages		= {},
  note		= {Disponível em: \url{https://docs.microsoft.com/pt-br/azure/architecture/data-guide/big-data/non-relational-data} Acesso em : 16 Set de 2018},
  year		= {2017},
  publisher	= {}
}

@article{isaias,
  title		= {Banco de dados orientado a colunas},
  author	= {Isaias Barroso},
  journal	= {},
  volume	= {},
  number	= {},
  pages		= {},
  note		= {Disponível em: \url{https://isaiasbarroso.wordpress.com/2012/06/20/banco-de-dados-orientado-a-colunas/} Acesso em : 16 Set de 2018},
  year		= {2012},
  publisher	= {}
}

@article{amazon,
  title		= {Definição de banco de dados de chave-valor},
  author	= {amazon},
  journal	= {},
  volume	= {},
  number	= {},
  pages		= {},
  note		= {Disponível em: \url{https://aws.amazon.com/pt/nosql/key-value/} Acesso em : 16 Set de 2018},
  year		= {2018},
  publisher	= {}
}

@ARTICLE{garcia,
  author	= {H. Garcia-Molina and K. Salem}, 
  journal	= {IEEE Transactions on Knowledge and Data Engineering}, 
  title		= {Main memory database systems: an overview}, 
  year		= {1992}, 
  volume	= {4}, 
  number	= {6}, 
  pages		= {509-516}, 
  keywords	= {concurrency control;distributed databases;relational databases;storage       management;main memory databases;distributed databases;relational databases;concurrency control;physical memory;high-speed access;disk storage mechanisms;memory residence optimizations;Database systems;Concurrency control;Transaction databases;Application software;Computer science;Costs;Design optimization;Query processing;Semiconductor memory;Delay}, 
  doi		= {10.1109/69.180602}, 
  ISSN		= {1041-4347}, 
  month		= {Dec},
}

@article{portalerp,
  title		= {Entenda o que é ERP (Sistemas de Gestão Empresarial)},
  author	= {PortalERP},
  journal	= {},
  volume	= {},
  number	= {},
  pages		= {},
  note		= {Disponível em: \url{https://portalerp.com/erp/5-entenda-erp} Acesso em : 16 Set de 2018},
  year		= {2018},
  publisher	= {}
}

@article{ecc,
  title		= {Componente Central do SAP ERP (SAP ECC)},
  author	= {Margaret Rouse},
  journal	= {},
  volume	= {},
  number	= {},
  pages		= {},
  note		= {Disponível em: \url{https://searchsap.techtarget.com/definition/SAP-ERP-Central-Component-SAP-ECC} Acesso em : 17 Set de 2018},
  year		= {2018},
  publisher	= {}
}

@article{hana,
  title		= {SAP HANA},
  author	= {SAP},
  journal	= {},
  volume	= {},
  number	= {},
  pages		= {},
  note		= {Disponível em: \url{https://www.sap.com/cmp/ft/crm-xu16-dat-hddedft/index.html} Acesso em : 17 Set de 2018},
  year		= {2018},
  publisher	= {}
}

@article{pelissari,
  title		= {MAS O QUE É SAP HANA?},
  author	= {pelissari},
  journal	= {},
  volume	= {},
  number	= {},
  pages		= {},
  note		= {Disponível em: \url{http://pelissari.com.br/pt/mas-o-que-e-sap-hana/} Acesso em : 17 Set de 2018},
  year		= {2018},
  publisher	= {}
}


@article{cienci,
  title		= {O QUE É A PLATAFORMA SAP S/4HANA?},
  author	= {cienci},
  journal	= {},
  volume	= {},
  number	= {},
  pages		= {},
  note		= {Disponível em: \url{http://www.cienci.com.br/o-que-e-plataforma-sap-s4hana/} Acesso em : 18 Set de 2018},
  year		= {2016},
  publisher	= {}
}

@book{CJDATE,
 author = {Date, C. J.},
 title = {Introduction to Database Systems},
 year = {2002},
 isbn = {0321181042},
 edition = {7},
 publisher = {Addison-Wesley Longman Publishing Co., Inc.},
 address = {Boston, MA, USA},
}

@INPROCEEDINGS{kandekar, 
author		=	{M. Kandekar and R. Ingle}, 
booktitle	=	{2013 International Conference on Cloud Ubiquitous Computing Emerging Technologies}, 
title		=	{\textbf{Performance Analysis of Local Database Management Systems for Mobile Applications}}, 
year		=	{2013}, 
volume		=	{}, 
number		=	{}, 
pages		=	{236-239}, 
keywords	=	{database management systems;mobile computing;DBMS performance analysis;local database management system;mobile applications;Mobile communication;Database systems;Performance analysis;Performance evaluation;Memory management;Time factors;Performance Analysis;Database Management;Information storage and retrieval}, 
doi			=	{10.1109/CUBE.2013.51}, 
ISSN		=	{}, 
month		=	{Nov}
}

@INPROCEEDINGS{roopak, 
author		=	{K. E. Roopak and K. S. S. Rao and S. Ritesh and S. Chickerur}, 
booktitle	=	{2013 5th International Conference and Computational Intelligence and Communication Networks}, 
title		= 	{\textbf{Performance Comparison of Relational Database with Object Database (DB4o)}}, 
year		=	{2013}, 
volume		=	{}, 
number		=	{}, 
pages		=	{512-515}, 
keywords	=	{airports;object-oriented databases;object-oriented programming;query processing;relational databases;SQL;performance comparison;relational database;DB4o;mobility;object oriented programming;object oriented approach;query solving;query execution;query analysis;object oriented database;MySQL;huge airport data base;querying methodology;performance analysis;ODBMS;RDBMS;Object oriented databases;Syntactics;Relational databases;Educational institutions;Software;Object Oriented Databases;Traditional databases;DB4o;SQL}, 
doi			=	{10.1109/CICN.2013.112}, 
ISSN		=	{}, 
month		=	{Sept}
}

@INPROCEEDINGS{tongkaw, 
author		=	{S. Tongkaw and A. Tongkaw}, 
booktitle	=	{2016 IEEE Conference on Open Systems (ICOS)}, 
title		=	{\textbf{A comparison of database performance of MariaDB and MySQL with OLTP workload}}, 
year		=	{2016}, 
volume		=	{}, 
number		=	{}, 
pages		=	{117-119}, 
keywords	=	{data mining;public domain software;relational databases;SQL;transaction processing;virtual machines;database performance analysis;MariaDB;MySQL;OLTP workload;open source database management system;Xen 4.4 virtual machine;OLTP-Simple;OLTP-Seats;benchmark data;performance rate;Databases;Random access memory;Testing;Conferences;Virtual machining;Instruction sets;Central Processing Unit;Performance Analysis;Database;MySQL;MariaDB}, 
doi			=	{10.1109/ICOS.2016.7881999}, 
ISSN		=	{2473-3660}, 
month		=	{Oct}
}

@INPROCEEDINGS{kramer, 
author		=	{F. Kramer and H. Müller and K. Turowski}, 
booktitle	=	{2014 Tenth International Conference on Signal-Image Technology and Internet-Based Systems}, 
title		=	{Acceleration of Single Inserts for Columnar Databases -- An Experiment on Data Import Performance Using SAP HANA}, 
year		=	{2014}, 
volume		=	{}, 
number		=	{}, 
pages		=	{672-676}, 
keywords	=	{Big Data;relational databases;SQL;columnar database;data import performance;data loading;SAP HANA;relational database management system;RDBMS;columnar table layout;MySQL;Structured Query Language;comma-separated-values format;CSV format;insert statement;Big Data;Databases;Big data;Monitoring;Hardware;Layout;Engines;Real-time systems;Column Store;Single Insert;Big Data}, 
doi			=	{10.1109/SITIS.2014.45}, 
ISSN		=	{}, 
month		=	{Nov}
}







%%%%%%%%%%%%%%%%%%%%%%%%%%%%%%%%%%%%%%%%%%%%%%%%%%%%%%%%%%%%%%%%%%%%%%%%%%%%%
%%																			%
%%						%Referencias utilizadas	/\							%
%%																			%	
%%%%%%%%%%%%%%%%%%%%%%%%%%%%%%%%%%%%%%%%%%%%%%%%%%%%%%%%%%%%%%%%%%%%%%%%%%%%%






@article{pro,
  title		= {Avanços tecnológicos na Medicina consolidados em 2015},
  author	= {ProDoctor},
  journal	= {},
  volume	= {},
  number	= {},
  pages		= {},
  note		= {Disponível em: \url{https://goo.gl/teFscX} Acesso em : 09 Mai de 2016},
  year		= {},
  publisher	= {}
}

@article{pauk,
  title		= {Analysis of the plantar pressure distributionin children with foot 						   deformities},
  author	= {Jolanta Pauk and others},
  journal	= {},
  volume	= {},
  number	= {},
  pages		= {},
  note		= {Disponível em: \url{https://goo.gl/Aed7h9} Acesso em : 20 Nov de 2016},
  year		= {2010},
  publisher	= {}
}

@article{gnu,
  title		= {O que é o software livre?},
  author	= {Free Software Foundation},
  journal	= {},
  volume	= {},
  number	= {},
  pages		= {},
  note		= {Disponível em :	\url{https://goo.gl/jUsw7G} Acesso em : 05 Jun de 2016},
  year		= {2014},
  publisher	= {}
}

@article{gouveia,
  title		= {O futuro da Fisioterapia},
  author	= {Luís Miguel Brasão Gouveia},
  journal	= {},
  volume	= {},
  number	= {},
  pages		= {},
  note		= {Disponível em: \url{https://goo.gl/2C4li3} Acesso em : 28 Mai de 2016},
  year		= {2012},
  publisher	= {}
}

@article{wifi,
  title		= {O que é Wi-Fi (IEEE 802.11)},
  author	= {Emerson Alecrim},
  journal	= {},
  volume	= {},
  number	= {},
  pages		= {},
  note		= {Disponível em :	\url{http://www.infowester.com/wifi.php} Acesso em : 17 Mai 			   de 2016},
  year		= {2013},
  publisher	= {}
}

@article{waz,
  title		= {Qual a diferença entre wi-fi e bluetooth?},
  author	= {Blog Waz},
  journal	= {},
  volume	= {},
  number	= {},
  pages		= {},
  note		= {Disponível em :	\url{https://goo.gl/C4eGWu} Acesso em : 17 Mai de 2016},
  year		= {2013},
  publisher	= {}
}

@article{mysql,
  title		= {O que é e como usar o MySQL},
  author	= {Pedro Pisa},
  journal	= {},
  volume	= {},
  number	= {},
  pages		= {},
  note		= {Disponível em :	\url{https://goo.gl/4J1op1} Acesso em : 10 Mai de 2016},
  year		= {2013},
  publisher	= {}
}

@article{sublime,
  title		= {Sublime Text},
  author	= {Pedro Pinto},
  journal	= {},
  volume	= {},
  number	= {},
  pages		= {},
  note		= {Disponível em: \url{https://goo.gl/YvwwZ0} Acesso em : 17 Mai de 2016},
  year		= {2013},
  publisher	= {}
}

@article{pripas,
  title		= {Tipos de pé},
  author	= {Denise Pripas},
  journal	= {},
  volume	= {},
  number	= {},
  pages		= {},
  note		= {Disponível em : \url{https://goo.gl/Ps3qpr} Acesso em : 28 Mai de 2016},
  year		= {2011},
  publisher	= {}
}

@article{asics,
  title		= {Tipos de Pisadas},
  author	= {ASICS},
  journal	= {},
  volume	= {},
  number	= {},
  pages		= {},
  note		= {Disponível em : \url{http://www.asics.com.br/tipos-de-pisada/} 
  			   Acesso em : 31 Mai de 2016},
  year		= {2016},
  publisher	= {}
}

@article{adriana,
  title		= {Você sabe o que é baropodometria?},
  author	= {Adriana Teixeita},
  journal	= {},
  volume	= {},
  number	= {},
  pages		= {},
  note		= {Disponível em : \url{https://goo.gl/2x9SSx} Acesso em : 31 Mai de 2016},
  year		= {2016},
  publisher	= {}
}

@article{php,
  title		= {O que é PHP},
  author	= {OFICINADANET},
  journal	= {},
  volume	= {},
  number	= {},
  pages		= {},
  note		= {Disponível em : \url{https://goo.gl/c3wK9v} Acesso em : 10 Mai de 2016},
  year		= {2016},
  publisher	= {}
}

@article{atleta,
  title		= {Check-up esportivo},
  author	= {Institudo do Atleta},
  journal	= {},
  volume	= {},
  number	= {},
  pages		= {},
  note		= {Disponível em : \url{https://goo.gl/YfOO24} Acesso em : 31 Mai de 2016},
  year		= {2016},
  publisher	= {}
}

@article{css,
  title		= {Introdução ao CSS3 - o que é?},
  author	= {KOLABORATIVA},
  journal	= {},
  volume	= {},
  number	= {},
  pages		= {},
  note		= {Disponível em : \url{https://goo.gl/0PDwjV} Acesso em : 10 Mai de 2016},
  year		= {2016},
  publisher	= {}
}

@article{html,
  title		= {O que é o HTML5},
  author	= {DEVMEDIA},
  journal	= {},
  volume	= {},
  number	= {},
  pages		= {},
  note		= {Disponível em : \url{http://www.devmedia.com.br/o-que-e-o-html5/25820} Acesso 			  em : 10 Mai de 2016},
  year		= {2016},
  publisher	= {}
}

@article{teste,
  title		= {Artigo Engenharia de Software - Introdução a Teste de Software},
  author	= {Arilo Claudio},
  journal	= {},
  volume	= {},
  number	= {},
  pages		= {},
  note		= {Disponível em : \url{https://goo.gl/N1eb8R} Acesso em : 10 Mai de 2016},
  year		= {2016},
  publisher	= {}
}

@article{arki,
  title		= {Esteira Baropodométrica},
  author	= {ARKIPELAGO},
  journal	= {},
  volume	= {},
  number	= {},
  pages		= {},
  note		= {Disponível em : \url{https://goo.gl/j6fcui} Acesso em : 31 Mai de 2016},
  year		= {2016},
  publisher	= {}
}

@article{KINETEC,
  title		= {Plataforma Baropodométrica},
  author	= {KINETEC},
  journal	= {},
  volume	= {},
  number	= {},
  pages		= {},
  note		= {Disponível em : \url{https://goo.gl/2OCBHM} Acesso em : 31 Mai de 2016},
  year		= {2016},
  publisher	= {}
}

@article{rosario,
  title		= {\textbf{A review of the utilization of baropodometry in postural 						assessment}},
  author	= {José Luís Pimentel Rosario},
  journal	= {},
  volume	= {},
  number	= {},
  pages		= {},
  note		= {5 f. Tese (Doutorado) – Curso de Medicina, Unicentro, Guarapuava},
  year		= {2013},
  publisher	= {}
}

@article{azevedo,
  title		= {\textbf{Enálise dos pés através da baropodometria e classificação planar 					em escolares de Guaratinguetá}},
  author	= {Liliana Aparecida de Paula Azevedo},
  journal	= {},
  volume	= {},
  number	= {},
  pages		= {},
  note		= {81 f. Dissertação (Mestrado) - Curso de Engenharia Mecânica, Universidade 				   Estadual Paulista, Guaratinguetá},
  year		= {2006},
  publisher	= {}
}

@article{OLIVEIRA,
  title		= {\textbf{Análise de Pacientes examinados com Baropodômetro digital, 							relacionando: Idade, Sexo, Índice de Massa Corporal (IMC), Tipos de Pé e 				 	Queixas de Dor de Agosto de 2006 a Dezembro de 2009}},
  author	= {Thiago Mineli Oliveira},
  journal	= {},
  volume	= {},
  number	= {},
  pages		= {},
  note		= {28 f. Dissertação (Mestrado) - Curso de Ciência da Reabilitação, Centro 				   	   Universitário de Caratinga, Caratinga},
  year		= {2010},
  publisher	= {}
}

@article{SILVEIRA,
  title		= {\textbf{Desenvolvimenteo de software para análise baropodométrica.}},
  author	= {Thiago Souza Lopes Dauria Silveira},
  journal	= {},
  volume	= {},
  number	= {},
  pages		= {},
  note		= {38 f. Monografia (Especialização) - Curso de Engenharia de Computação, 				   	   Pontifícia Universidade Católica de Minas Gerais, Belo Horizonte},
  year		= {2014},
  publisher	= {}
}

@article{ALECRIM,
  title		= {Tecnologia Bluetooth: o que é e como funciona?},
  author	= {Emerson Alecrim},
  journal	= {},
  volume	= {},
  number	= {},
  pages		= {},
  note		= {Disponível em : \url{http://www.infowester.com/bluetooth.php} Acesso em : 19 			   Nov de 2016},
  year		= {2016},
  publisher	= {}
}

@article{CORREA,
  title		= {Introdução ao formato JSON},
  author	= {Eduardo Corrêa},
  journal	= {},
  volume	= {},
  number	= {},
  pages		= {},
  note		= {Disponível em : \url{https://goo.gl/wz63CR} Acesso em : 19 Nov de 2016},
  year		= {2015},
  publisher	= {}
}

@article{Fig1,
  title		= {Tipos de Pisadas},
  author	= {Pessemdor},
  journal	= {},
  volume	= {},
  number	= {},
  pages		= {},
  note		= {Disponível em: \url{ https://goo.gl/cKDT4z}Acesso em : 31 Maio de 2016},
  year		= {2016},
  publisher	= {}
}






@article{Fig2,
	title = {Esteira Baropodométrica},
	author = {sottopiede},
    note ={Disponível em :	\url{ http://www.sottopiede.com.br/img/esteira_com_mulher.jpg} Acesso em : 31 Maio de 2016},
    year = {2016}
}

@article{Fig2,
  title		= {Esteira Baropodométrica},
  author	= {Sottopiede},
  journal	= {},
  volume	= {},
  number	= {},
  pages		= {},
  note		= {Disponível em :	\url{ 																	   0http://www.sottopiede.com.br/img/esteira_com_mulher.jpg} Acesso em : 31 Maio 				de 2016},
  year		= {2016},
  publisher	= {}
}

@article{Fig3,
  title		= {Plataforma Baropodométrica},
  author	= {Sottopiede},
  journal	= {},
  volume	= {},
  number	= {},
  pages		= {},
  note		= {Disponível em :	\url{ http://www.sottopiede.com.br/img/baropodometro.jpg} 				   Acesso em : 31 Maio de 2016},
  year		= {2016},
  publisher	= {}
}

@article{Fig4,
  title		= {Plataforma Baropodométrica},
  author	= {Arkipelago},
  journal	= {},
  volume	= {},
  number	= {},
  pages		= {},
  note		= {Disponível em :	\url{http://www.arkipelago.com.br/images/footWalk_IMG03.jpg} 				Acesso em : 31 Maio de 2016},
  year		= {2016},
  publisher	= {}
}

@article{Fig5,
  title		= {Pé cavo e pé chato: descubra a diferença entre os tipos de pisada},
  author	= {Patricia Palhares and Paula Gabrielle},
  journal	= {},
  volume	= {},
  number	= {},
  pages		= {},
  note		= {Disponível em :	\url{https://goo.gl/9dxc1P} Acesso em : 5 Jun de 2016},
  year		= {2016},
  publisher	= {}
}

@article{Fsen,
  title		= {Sensor de pressão},
  author	= {Sparkfun},
  journal	= {},
  volume	= {},
  number	= {},
  pages		= {},
  note		= { Disponível em :	\url{https://www.sparkfun.com/products/9375} Acesso em : 11 				Nov de 2016},
  year		= {2016},
  publisher	= {}
}


+

@inproceedings{tipospisadas:2016,
  author 				= {	Muhammad Ali and Michael Welzl and Awais Adnan and Farrukh 									Nadeem},
  title 				= { Using the \textsc{NS-2} \textsc{N}etwork \textsc{S}imulator for 							Evaluating Network on Chips (\textsc{N}o\textsc{C})},
  address 				= {Peshawar},
  booktitle 			= {\textbf{Proceedings...}},
  numpages 				= {7},
  conference-number 	= {7 p},
  conference-year 		= {2006},
  conference-location 	= {Peshawar, Pakistan},
  organization 			= {2th INTERNATIONAL CONFERENCE ON EMERGING TECHNOLOGIES},
  pages 				= {506-512},
  publisher 			= {ICET},
  year 					= {2015},
  month 				= {Maio.},
  series 				= {},
  isbn 					= {},
  url 					= {http://www.pessemdor.com.br/blog/calos/},
  doi 					= {},
  acmid 				= {}
}

@inproceedings{Ali:2006,
  author 				= { Muhammad Ali and Michael Welzl and Awais Adnan and Farrukh 								    Nadeem},
  title 				= { Using the \textsc{NS-2} \textsc{N}etwork \textsc{S}imulator for 							Evaluating Network on Chips (\textsc{N}o\textsc{C})},
  address 				= {Peshawar},
  booktitle 			= {\textbf{Proceedings...}},
  numpages 				= {7},
  conference-number 	= {7 p},
  conference-year 		= {2006},
  conference-location 	= {Peshawar, Pakistan},
  organization 			= {2th INTERNATIONAL CONFERENCE ON EMERGING TECHNOLOGIES},
  pages 				= {506-512},
  publisher 			= {ICET},
  year 					= {2006},
  month 				= {Nov.},
  series 				= {},
  isbn 					= {},
  url 					= {},
  doi 					= {},
  acmid 				= {}
}

@inproceedings{Amorim:2012,
  author 				= {Amorim, Amanda Maria Pinho and Oliveira, Poliana Aparecida Corrêa 							and Freitas, Henrique Cota},
  title 				= {Integrando traços de execução de aplicações paralelas ao Network 						   Simulator para simulação de WiNoC},
  address 				= {Petrópolis},
  booktitle 			= {\textbf{Anais...}},
  numpages 				= {4},
  conference-number 	= {4 p},
  conference-year 		= {2012},
  conference-location 	= {Petrópolis, Brasil},
  organization 			= {Workshop de Iniciacao Cientifica, XIII Simposio em Sistemas	 							   Computacionais},
  pages 				= {1-4},
  publisher 			= {WSCAD-WIC},
  year 					= {2012},
  month 				= {Out.},
  series 				= {},
  isbn 					= {},
  url 					= {},
  doi 					= {},
  acmid 				= {}
}

@inproceedings{Avelar:2011,
  author 				= {Avelar, Cíntia Pinto and Oliveira, Poliana Aparecida Corrêa and 							   Freitas, Henrique Cota and Navaux, Philippe Olivier Alexandre},
  title 				= {Evaluating the Problem of Process Mapping on Network-on-chip for	 							Parallel Applications},
  address 				= {Los Alamitos},
  booktitle 			= {\textbf{Anais...}},
  numpages 				= {6},
  conference-number 	= {6 p},
  conference-year 		= {2011},
  conference-location 	= {Vitória, Brasil},
  organization 			= {2th Workshop on Architecture and Multi-Core Applications (WAMCA), 						    XII Simposio em Sistemas Computacionais},
  pages 				= {18-23},
  publisher 			= {IEEE Computer Society},
  year 					= {2011},
  month 				= {Out.},
  series 				= {},
  isbn 					= {},
  url 					= {},
  doi					= {10.1109/WAMCA.2011.13},
  acmid 				= {}
}

@article{Bailey:1994,
 author = {Bailey, D. and Barszcz, E. and Barton, J. and Browning, D. and Carter, R. and Dagum, L and Fatoohi, R and Fineberg, S. and Frederickson, P. and Lasinski, T. and Schreiber, R. and Simon, and Venkatakrishnan, H. and Weeratunga, S.},
 title = {\textbf{The NAS Paralell Benchmarks}},
 journal = {},
 volume = {},
 issue = {},
 month = {Mar.},
 year = {1994},
 issn = {},
 pages = {1-79},
 numpages = {},
 url = {http://www.nas.nasa.gov/assets/pdf/techreports/1994/rnr-94-007.pdf},
 doi = {},
 acmid = {},
 publisher = {Technical report, NASA Advanced Supercomputing Division, RNR-94-007},
 address = {},
 note = {} 
} 

@article{Benini:2002,
  author = {Benini, Luca and Micheli, Giovanni De},
  title = {Networks on chips: a new \textsc{S}o\textsc{C} paradigm},
  address = {Los Alamitos, USA},
  journal = {\textbf{Journal Computer}},
  publisher = {IEEE Computer Society},
  numpages = {9},
  pages = {70-78},
  year = {2002},
  month = {Jan.},
  volume = {35},
  number = {1},
  issn = {0018-9162},
  url = {},
  doi = {10.1109/2.976921},
  acmid = {621885}
}

@article{Bjerregaard:2006,
  author = {Bjerregaard, Tobias and Mahadevan, Shankar},
  title = {A survey of research and practices of network-on-chip},
  journal = {\textbf{Computing Surveys}},
  publisher = {ACM},
  address = {New York, USA},
  volume = {38},
  issue = {1},
  number = {1},
  month = {Jun.},
  year = {2006},
  issn = {0360-0300},
  pages = {1--51},
  numpages = {51},
  url = {},
  doi = {},
  acmid = {1132953},
  keywords = {}
} 

@book{pressman,
 author = {Roger S. Pressman},
 title = {\textbf{Software Engineering A practitioner's Approach}},
 year = {2001},
 isbn = {1558608524},
 publisher = {McGraw-Hill},
 address = {New York},
 pages = {840}
} 

@inproceedings{Freitas:2010,
  author = {Freitas, Henrique Cota and Schnorr, Lucas Mello and Alves, Marco Antonio Zanata and Navaux, Philippe Olivier Alexandre},
  title = {Impact of Parallel Workloads on \textsc{N}o\textsc{C} Architecture Design},
  address = {Pisa},
  booktitle = {\textbf{Proceedings...}},
  numpages = {5},
  conference-number = {5 p},
  conference-year = {2010},
  conference-location = {Pisa, Italy},
  organization = {18TH EUROMICRO CONFERENCE ON PARALLEL, DISTRIBUTED AND NETWORK-BASED PROCESSING},
  pages = {551-555},
  publisher = {PDP},
  year = {2010},
  month = {Feb.},
  issn = {},
  url = {},
  doi = {http://dx.doi.org/10.1109/PDP.2010.535},
  acmid = {}
}

@inproceedings{Ganguly:2009,
  author = {Ganguly, Amlan and Chang, Kevin and Pande, Partha Pratim and Belzer, Benjamin and Nojeh, Alireza},
  title = {Performance Evaluation of Wireless Networks on Chip Architectures},
  address = {San Jose},
  booktitle = {\textbf{Proceedings...}},
  numpages = {6},
  conference-number = {6 p},
  conference-year = {2009},
  conference-location = {San Jose, USA},
  organization = {10TH INTERNATIONAL SYMPOSIUM ON QUALITY OF ELECTRONIC DESIGN},
  pages = {350-355},
  publisher = {ISQED},
  year = {2009},
  month = {Mar.},
  issn = {},
  url = {},
  doi = {10.1109/ISQED.2009.4810319},
  acmid = {1548359},
} 

@article{Ganguly:2011,
  author = {Amlan Ganguly and Kevin Chang and Sujay Deb and Partha Pratim Pande and Benjamin Belzer and Christof Teuscher},
  title = {Scalable Hybrid Wireless Network-on-Chip Architectures for Multi-Core Systems},
  journal = {\textbf{Journal Transactions on Computers}},
  publisher = {IEEE Computer Society},
  address = {Los Alamitos, USA},
  volume = {60},
  number = {10},
  mouth = {Oct.},
  year = {2011},
  numpages = {18},
  pages = {1485-1502},
  issn = {0018-9340},
  doi = {http://doi.ieeecomputersociety.org/10.1109/TC.2010.176},
}

@book{Gropp:1999,
 author = {Gropp, William and Lusk, Ewing and Skjellum, Anthony},
 title = {\textbf{Using MPI}},
 subtitle = {Portable Parallel Programming with the Message-Passing Interface},
 year = {1999},
 isbn = {0262571331},
 publisher = {MIT Press},
 address = {Massachusetts},
 pages = {371},
 edition = {2th}
} 

@article{Hammond:1997,
 author = {Hammond, Lance and Nayfeh, Basem A. and Olukotun, Kunle},
 title = {A Single-Chip Multiprocessor},
 journal = {\textbf{Journal Computer}},
 publisher = {IEEE Computer Society},
 address = {Los Alamitos, USA},
 volume = {30},
 number = {9},
 month = {Sep.},
 year = {1997},
 pages = {79-85},
 numpages = {7},
 issn = {0018-9162},
 url = {},
 doi = {http://dx.doi.org/10.1109/2.612253},
 acmid = {620806},
} 

@book{HennessyPatterson:2006,
  author =  {Hennessy, John L. and Patterson, David A.},
  title = {\textbf{Arquitetura de computadores}},
  subtitle = {uma abordagem quantitativa},
  publisher = {Campus},
  address = {Rio de Janeiro},
  year = {2006},
  edition = {3},
  isbn = {8535211101},
  pages = {1044},
}

@article{Ho:2001,
  author = {Ron Ho and Kenneth W. Mai and Student Member and Mark A. Horowitz},
  title = {The Future of Wires},
  journal = {\textbf{Journal Proceedings of the IEEE}},
  publisher = {IEEE Computer Society},
  address = {Los Alamitos, USA},
  mouth = {Apr.},
  year = {2001},
  pages = {490-504},
  numpages = {15},
  volume = {89},
  number = {4},
  issn = {0018-9219},
  doi = {10.1109/5.920580},
}

@Unpublished{IEEE:2012,
 author = {IEEE},
 title = {\textbf{802.15 working group for WPAN}},
 note = {Disponível em http://www.ieee802.org/15. Acesso em ago.},
 OPTkey = {},
 OPTmonth = {},
 year = {2012},
 OPTannote = {},
 OPTurl = {http://www.ieee802.org},
 OPTdoi = {},
 OPTissn = {},
 OPTlocalfile = {http://www.ieee802.org},
 OPTabstract = {},
}

@Unpublished{Intel:2011,
 author = {INTEL},
 title = {\textbf{Teraflops Research Chip}},
 note = {Disponível em http://techresearch.intel.com/Project Details.aspx?Id=151. Acesso em nov.},
 OPTkey = {},
 OPTmonth = {},
 year = {2011},
 OPTannote = {},
 OPTurl = {http://techresearch.intel.com/Project Details.aspx?Id=151},
 OPTdoi = {},
 OPTissn = {},
 OPTlocalfile = {http://techresearch.intel.com/Project Details.aspx?Id=151},
 OPTabstract = {},
}

@Unpublished{Intel:2012,
 author = {INTEL},
 title = {\textbf{Intel Many Integrated Core Architecture (Intel MIC Architecture) - Advanced}},
 note = {Disponível em http://www.intel.com/content/www/us/en/architecture-and-technology/many-integrated-core/intel-many-integrated-core-architecture.html. Acesso em nov.},
 OPTkey = {},
 OPTmonth = {},
 year = {2012},
 OPTannote = {},
 OPTurl = {http://www.intel.com/content/www/us/en/architecture-and-technology/many-integrated-core/intel-many-integrated-core-architecture.html},
 OPTdoi = {},
 OPTissn = {},
 OPTlocalfile = {http://www.intel.com/content/www/us/en/architecture-and-technology/many-integrated-core/intel-many-integrated-core-architecture.html},
 OPTabstract = {},
}

@book{Jain:1991,
  author = {Jain, Raj},
  title = {\textbf{The art of computer systems performance analysis}},
  subtitle = {techniques for experimental design, measurement, simulation, and modeling},
  publisher = {Wiley Interscience},
  address = {New York},
  year = {1991},
  pages = {685},
  isbn = {0471503361}
}

@article{Keyes:2001,
  author = {Keyes, Robert W.},
  title = {Fundamental Limits of Silicon Technology},
  journal = {\textbf{Proceedings of the IEEE}},
  publisher = {IEEE Computer Society},
  address = {Los Alamitos, USA},
  mouth = {Mar.},
  year = {2001},
  pages = {227-239},
  numpages = {12},
  volume = {89},
  number = {3},
  issn = {},
  doi = {},
}

@article{Keyes:2008,
  author = {Keyes, Robert W.},
  title = {Moore’s Law Today},
  journal = {\textbf{Circuits and Systems Magazine}},
  publisher = {IEEE Computer Society},
  address = {Los Alamitos, USA},
  mouth = {May},
  year = {2008},
  pages = {53-54},
  numpages = {2},
  volume = {8},
  number = {2},
  issn = {},
  doi = {10.1109/MCAS.2008.923058},
}

@inproceedings{Kourdy:2010,
 author = {Kourdy, Reza and Yazdanpanah, Saeed and Rad, Mohammad Reza Nouri},
 title = {Using the \textsc{NS-2} Network Simulator for Evaluating Multi Protocol Label Switching in Network-on-Chip},
 address = {Kuala Lumpur},
 booktitle = {\textbf{Proceedings...}},
 numpages = {5},
 conference-number = {5 p},
 conference-year = {2010},
 conference-location = {Kuala Lumpur, Malaysia},
 organization = {2TH INTERNATIONAL CONFERENCE ON COMPUTER RESEARCH AND DEVELOPMENT},
 publisher = {ICCRD},
 month = {May.},
 year = {2010},
 pages = {795-799},
 url = {},
 doi = {10.1109/ICCRD.2010.145},
 acmid = {1828328},
}

@TechReport{Li:2012,
 author = {Li, Xi},
 title = {\textbf{Survey of wireless network-on-chip systems}},
 institution = {Auburn University},
 year = {2012},
 OPTkey = {},
 OPTtype = {},
 OPTnumber = {},
 address = {Technical report. Auburn University, Alabama, USA},
 month = {May.},
 OPTnote = {},
 OPTannote = {},
 url = {http://www.eng.auburn.edu/~agrawvd/THESIS/LI/report.pdf},
 OPTdoi = {},
 OPTissn = {},
 OPTlocalfile = {},
 OPTabstract = {},
 pages = {60},
}

@inproceedings{Manevich:2009,
 author = {Manevich, Ran and Walter, Isask'har and Cidon, Israel and Kolodny, Avinoam},
 title = {Best of both worlds: A bus enhanced NoC (BENoC)},
 address = {San Diego},
 booktitle = {\textbf{Proceedings...}},
 numpages = {10},
 conference-number = {10 p},
 conference-year = {2009},
 conference-location = {San Diego, USA},
 organization = {3TH ACM/IEEE INTERNATIONAL SYMPOSIUM ON NETWORKS-ON-CHIP},
 publisher = {NOCS},
 month ={May.},
 year = {2009},
 pages = {173--182},
 url = {http://dx.doi.org/10.1109/NOCS.2009.5071465},
 doi = {10.1109/NOCS.2009.5071465},
 acmid = {},
} 

@book{Menasce:2002,
  author = {Menasce, Daniel A. and Almeida, Virgilio A. F.},
  title = {\textbf{Planejamento de capacidade para serviços na web}},
  subtitle = {métricas, modelos e métodos},
  publisher = {Campus},
  address = {Rio de Janeiro},
  year = {2002},
  pages = {472},
  isbn = {8535211020},
}

@phdthesis{Merz:2008,
  author={Merz, Ruben},
  title={\textbf{Interference management in impulse-radio ultra-wide band networks}},
  address={Suisse},
  pages={233},
  pagename={f.},
  year={2008},
  school={Laboratoire pour les communications informatiques et leurs applications 2, École Polytechnique Fédérale de Lausanne (EPFL)},
  type={Doutorado},
  url = {http://infoscience.epfl.ch/record/121463}
}

@inproceedings{Merz:2007,
 author = {Merz, Ruben and Boudec, Jean-Yves Le and Widmer, Joerg},
 title = {An architecture for wireless simulation in \textsc{NS-2} applied to impulse-radio ultra-wide band networks},
 address = {Norfolk},
 booktitle = {\textbf{Proceedings...}},
 numpages = {8},
 conference-number = {8 p},
 conference-year = {2007},
 conference-location = {Norfolk, USA},
 organization = {SPRING SIMULATION MULTICONFERENCE},
 publisher = {SpringSim},
 month = {Mar.},
 year = {2007},
 pages = {256-263},
 url = {},
 doi = {10.1109/ICCRD.2010.145},
 acmid = {1404635}
} 

@Unpublished{ModuloUWB:2011,
 author = {NS-UWB},
 title = {\textbf{NS-2 ultra wide-band (UWB) MAC and PHY simulator}},
 note = {Disponível em http://uwb.epfl.ch/ns-2/index.html. Acesso em ago.},
 OPTkey = {},
 OPTmonth = {},
 year = {2011},
 OPTannote = {},
 OPTurl = {http://uwb.epfl.ch/ns-2/index.html},
 OPTdoi = {},
 OPTissn = {},
 OPTlocalfile = {http://uwb.epfl.ch/ns-2/index.html},
 OPTabstract = {},
}

@Unpublished{MPE:2012,
 author = {MPE},
 title = {\textbf{MPI Parallel Environment}},
 note = {Disponível em http://www.mcs.anl.gov/research/projects/perfvis/software/MPE/index.htm. Acesso em fev.},
 OPTkey = {},
 OPTmonth = {},
 year = {2012},
 OPTannote = {},
 OPTurl = {http://www.mcs.anl.gov/research/projects/perfvis/software/MPE/index.htm},
 OPTdoi = {},
 OPTissn = {},
 OPTlocalfile = {http://www.mcs.anl.gov/research/projects/perfvis/software/MPE/index.htm},
 OPTabstract = {},
}

@Unpublished{NAS:2011,
 author = {NPB},
 title = {\textbf{NAS Parallel Benchmarks}},
 note = {Disponível em http://www.nas.nasa.gov/publications/npb.html. Acesso em jun.},
 OPTkey = {},
 OPTmonth = {},
 year = {2011},
 OPTannote = {},
 OPTurl = {http://www.nas.nasa.gov/publications/npb.html},
 OPTdoi = {},
 OPTissn = {},
 OPTlocalfile = {http://www.nas.nasa.gov/publications/npb.html},
 OPTabstract = {},
}

@Unpublished{Noxim:2011,
 author = {Noxim},
 title = {\textbf{Noxim the NoC simulator}},
 note = {Disponível em http://noxim.sourceforge.net/. Acesso em jun.},
 OPTkey = {},
 OPTmonth = {},
 year = {2011},
 OPTannote = {},
 OPTurl = {http://noxim.sourceforge.net/},
 OPTdoi = {},
 OPTissn = {},
 OPTlocalfile = {http://noxim.sourceforge.net/},
 OPTabstract = {},
}

@Unpublished{NS:2011,
 author = {NS-2},
 title = {\textbf{Network Simulator 2}},
 note = {Disponível em http://nsnam.isi.edu/nsnam/index.php/Main\_Page. Acesso em jun.},
 OPTkey = {},
 OPTmonth = {},
 year = {2011},
 OPTannote = {},
 OPTurl = {http://nsnam.isi.edu/nsnam/index.php/Main\_Page},
 OPTdoi = {},
 OPTissn = {},
 OPTlocalfile = {http://nsnam.isi.edu/nsnam/index.php/Main\_Page},
 OPTabstract = {},
}

@inproceedings{Oliveira:2011,
  author = {Oliveira, Poliana Aparecida Corrêa and Avelar, Cíntia Pinto and Guimarães, Silvio Jamil Ferzoli and Freitas, Henrique Cota},
  title = {A Greedy Heuristic for Process Mapping on Networks-on-Chip},
  address = {Vitória},
  booktitle = {\textbf{Anais...}},
  numpages = {8},
  conference-number = {8 p},
  conference-year = {2011},
  conference-location = {Vitória, Brasil},
  organization = {XII Simposio em Sistemas Computacionais (WSCAD-SSC)},
  pages = {1-8},
  publisher = {WSCAD-SSC},
  year = {2011},
  month = {Out.},
  series = {},
  isbn = {},
  url = {},
  doi = {},
  acmid = {}
}

@inproceedings{OliveiraIadis:2011,
  author = {Oliveira, Poliana Aparecida Corrêa and Duarte-Figueiredo, Fátima Lima Procópio and Martins, Carlos Augusto Paiva S. and Freitas, Henrique Cota and Ribeiro, Christiane Pousa and Castro, Márcio and Marangozova-Martin, Vania and Mehaut J-F.},
  title = {Performance Evaluation of WiNoCs for Parallel Workloads based on Collective Communications},
  address = {Rio de Janeiro},
  booktitle = {\textbf{Proceedings...}},
  numpages = {8},
  conference-number = {8 p},
  conference-year = {2011},
  conference-location = {Rio de Janeiro, Brasil},
  organization = {IADIS Applied Computing},
  pages = {307-314},
  publisher = {IADIS Applied Computing},
  year = {2011},
  month = {Nov.},
  series = {},
  isbn = {},
  url = {},
  doi = {},
  acmid = {}
}

@inproceedings{Olukotun:1996,
  author = {Olukotun, Kunle and Nayfeh, Basem A. and Hammond, Lance and Wilson, Ken and Chang, Kunyung},
  title = {The Case for a Single-chip Multiprocessor},
  address = {Massachusetts},
  booktitle = {\textbf{Proceedings...}},
  numpages = {10},
  conference-number = {10 p},
  conference-year = {1996},
  conference-location = {Massachusetts, USA},
  organization = {7TH INTERNATIONAL CONFERENCE ON ARCHITECTURAL SUPPORT FOR PROGRAMMING LANGUAGES AND OPERATIONG SYSTEMS},
  publisher = {ASPLOS},
  month = {Oct.},
  year = {1996},
  pages = {2-11},
  url = {},
  doi = {http://doi.acm.org/10.1145/237090.237140},
  acmid = {237140},
} 

@article{Olukotun:2005,
  author = {Olukotun, Kunle and Hammond, Lance},
  title = {The Future of Microprocessors},
  journal = {\textbf{Queue}},
  publisher = {ACM},
  address = {New York, USA},
  mouth = {Sep.},
  year = {2005},
  pages = {26-29},
  numpages = {4},
  volume = {3},
  number = {7},
  issn = {},
  doi = {10.1145/1095408.1095418},
}

@Unpublished{OPENMPI:2012,
 author = {OPEN-MPI},
 title = {\textbf{Open MPI: open source high performance computing}},
 note = {Disponível em www.open-mpi.org. Acesso em fev.},
 OPTkey = {},
 OPTmonth = {},
 year = {2012},
 OPTannote = {},
 OPTurl = {www.open-mpi.org},
 OPTdoi = {},
 OPTissn = {},
 OPTlocalfile = {www.open-mpi.org},
 OPTabstract = {},
}

@inproceedings{Palazzi:2007,
  author = {Claudio E. Palazzi and Stefano Ferretti and Marco Roccetti and Giovanni Pau and Mario Gerla},
  title = {How Do You Quickly Choreograph Inter-Vehicular Communications? A Fast Vehicle-to-Vehicle MultiHop Broadcast Algorithm, Explained},
  address = {Las Vegas},
  booktitle = {\textbf{Proceedings...}},
  numpages = {5},
  conference-number = {5 p},
  conference-year = {2007},
  conference-location = {Las Vegas, USA},
  organization = {4TH CONSUMER COMMUNICATIONS AND NETWORKING CONFERENCE},
  pages = {960-964},
  publisher = {CCNC},
  year = {2007},
  month = {Jan.},
  url = {},
  doi = {10.1109/CCNC.2007.194},
  acmid = {}
}

@inproceedings{Pande:2009,
 author = {Pande, Partha Pratim and Ganguly, Amlan and Chang, Kevin and Teuscher, Christof},
 title = {Hybrid Wireless Network on Chip: a New Paradigm in Multi-core Design},
 address = {New York}, 
 booktitle = {\textbf{Proceedings...}},
 numpages = {6},
 conference-number = {6 p},
 conference-year = {2009},
 conference-location = {New York, USA},
 organization = {2TH INTERNATIONAL WORKSHOP ON NETWORK ON CHIP ARCHITECTURES},
 publisher = {NoCArc},
 month = {Dec.},
 year = {2009},
 pages = {71-76},
 url = {},
 doi = {http://doi.acm.org/10.1145/1645213.1645230},
 acmid = {1645230},
}

@inproceedings{PozzaIadis:2011,
  author = {Pozza, Rogério S. and Ruiz,Linnyer B. and Loureiro, Antonio A. F. and Vieira, Luiz F.},
  title = {A routing algorithm for wireless network-on-chip using network coding},
  address = {Rio de Janeiro},
  booktitle = {\textbf{Proceedings...}},
  numpages = {8},
  conference-number = {8 p},
  conference-year = {2011},
  conference-location = {Rio de Janeiro, Brasil},
  organization = {IADIS Applied Computing},
  pages = {547-551},
  publisher = {IADIS Applied Computing},
  year = {2011},
  month = {Nov.},
  series = {},
  isbn = {},
  url = {},
  doi = {},
  acmid = {}
}


@article{Sasaki:2009,
 author = {Sasaki, Nobuo and Kimoto, Kentaro and Moriyama, Wataru and Kikkawa, Takamaro},
 title = {A Single-Chip Ultra-Wideband Receiver With Silicon Integrated Antennas for Inter-Chip Wireless Interconnection},
 journal = {\textbf{Journal of Solid-State Circuits}},
 publisher = {IEEE Computer Society},
 address = {Los Alamitos, USA},
 month = {Feb.},
 year = {2009},
 pages = {382-393},
 numpages = {12},
 volume = {44},
 number = {2},
 issn = {0018-9200},
 url = {},
 doi = {10.1109/JSSC.2008.2010982},
}

@TechReport{STMicroelectronicsCEA:2010,
 author = {STMicroelectronics and CEA},
 title = {\textbf{Platform 2012: A Many-core programmable accelerator for UltraEfficient Embedded Computing in Nanometer Technology}},
 institution = {STMicroelectronics and CEA},
 year = {2010},
 OPTkey = {},
 OPTtype = {},
 OPTnumber = {},
 address = {Whitepaper. STMicroelectronics and CEA.},
 month = {Nov.},
 OPTnote = {},
 OPTannote = {},
 url = {http://www.cmc.ca/en/WhatWeOffer/Training/Courses/PastTrainings/\~/media/ WhatWeOffer/TechPub/20101105\_Whitepaper\_Final.pdf},
 OPTdoi = {},
 OPTissn = {},
 OPTlocalfile = {},
 OPTabstract = {},
 pages = {26},
}

@inproceedings{Wang:2011,
 author = {Wang, Chifeng and Hu, Wen-Hsiang and Bagherzadeh, Nader},
 title = {A Wireless Network-on-Chip Design for Multicore Platforms},
 address = {Ayia Napa},
 booktitle = {\textbf{Proceedings...}},
 numpages = {8},
 conference-number = {8 p},
 conference-year = {2011},
 conference-location = {Ayia Napa, Cyprus},
 organization = {19TH INTERNATIONAL EUROMICRO CONFERENCE ON PARALLEL, DISTRIBUTED AND NETWORK-BASED PROCESSING},
 publisher = {PDP},
 month = {Feb.},
 year = {2011},
 pages = {409-416},
 url = {},
 doi = {10.1109/PDP.2011.37},
 acmid = {},
}



@online{WinNT,
  author = {MultiMedia LLC},
  title = {{MS Windows NT} Kernel Description},
  year = 1999,
  url = {http://web.archive.org/web/20080207010024/http://www.808multimedia.com/winnt/kernel.htm},
  urldate = {2010-09-30}
}